@article{pippenger1979relations,
  title={Relations among complexity measures},
  author={Pippenger, Nicholas and Fischer, Michael J},
  journal={Journal of the ACM (JACM)},
  volume={26},
  number={2},
  pages={361--381},
  year={1979},
  publisher={ACM}
}

@article{ji2016compression,
  title={Compression of quantum multi-prover interactive proofs},
  author={Ji, Zhengfeng},
  journal={arXiv preprint arXiv:1610.03133},
  year={2016}
}

@article{natarajan2017two,
  title={Two-player entangled games are NP-hard},
  author={Natarajan, Anand and Vidick, Thomas},
  journal={arXiv preprint arXiv:1710.03062},
  year={2017}
}

@inproceedings{ogawa2002new,
  title={A new proof of the channel coding theorem via hypothesis testing in quantum information theory},
  author={Ogawa, Tomohiro and Nagaoka, Hiroshi},
  booktitle={Information Theory, 2002. Proceedings. 2002 IEEE International Symposium on},
  pages={73},
  year={2002},
  organization={IEEE}
}

@book{kitaev2002classical,
  title={Classical and quantum computation},
  author={Kitaev, Alexei Yu and Shen, Alexander and Vyalyi, Mikhail N},
  number={47},
  year={2002},
  publisher={American Mathematical Soc.}
}

@inproceedings{cleve2004consequences,
  title={Consequences and limits of nonlocal strategies},
  author={Cleve, Richard and Hoyer, Peter and Toner, Benjamin and Watrous, John},
  booktitle={Computational Complexity, 2004. Proceedings. 19th IEEE Annual Conference on},
  pages={236--249},
  year={2004},
  organization={IEEE}
}

@article{slofstra2017set,
  title={The set of quantum correlations is not closed},
  author={Slofstra, William},
  journal={arXiv preprint arXiv:1703.08618},
  year={2017}
}